@article{Einstein1905,
  author    = {Albert Einstein},
  title     = {On the Electrodynamics of Moving Bodies},
  journal   = {Annalen der Physik},
  volume    = {17},
  number    = {10},
  pages     = {891--921},
  year      = {1905},
  publisher = {Wiley-VCH}
}

@incollection{OLZAK20101,
title = {Chapter 1 - What is virtualization?},
editor = {Thomas Olzak and Jason Boomer and Robert M. Keefer and James Sabovik},
booktitle = {Microsoft Virtualization},
publisher = {Syngress},
address = {Boston},
pages = {1-12},
year = {2010},
author = {Thomas Olzak and Jason Boomer and Robert M. Keefer and James Sabovik}
}

@incollection{OLZAK201029,
title = {Chapter 3 - Installing Windows Server 2008 and Hyper-V},
editor = {Thomas Olzak and Jason Boomer and Robert M. Keefer and James Sabovik},
booktitle = {Microsoft Virtualization},
publisher = {Syngress},
address = {Boston},
pages = {29-37},
year = {2010},
author = {Thomas Olzak and Jason Boomer and Robert M. Keefer and James Sabovik}
}

@misc{Wlear2024,
  author = {Windows Learn},
  title = {Instalar Hyper-V en Windows 10},
  year = {2023},
  url = {https://learn.microsoft.com/es-es/virtualization/hyper-v-on-windows/quick-start/enable-hyper-v},
  note = {Accedido: 23 de junio de 2024}
}

@misc{PhiloWiki,
  author = {Wikipedia},
  title = {Problema de la cena de los filósofos},
  year = {2024},
  url = {https://es.wikipedia.org/wiki/Problema_de_la_cena_de_los_fil%C3%B3sofos},
  note = {Accedido: 24 de junio de 2024}
}

@misc{VirtualM,
  author = {Windows Learn},
  title = {Conexión a máquina virtual de Hyper-V},
  year = {2023},
  url = {https://learn.microsoft.com/es-es/windows-server/virtualization/hyper-v/learn-more/hyper-v-virtual-machine-connect},
  note = {Accedido: 23 de junio de 2024}
}

@misc{Xorg,
  author = {AksUbuntu},
  title = {How to login into xrdp/xorg in hyper-v? When I enter ubuntu login credentials in the input box, a blank blue screen shows up},
  year = {2024},
  url = {https://askubuntu.com/questions/1505757/how-to-login-into-xrdp-xorg-in-hyper-v-when-i-enter-ubuntu-login-credentials-in},
  note = {Accedido: 25 de junio de 2024}
}

@book{HVM,
    author = {Andy Syrewicze and Richard Siddaway} ,
    title = {Pro Microsoft Hyper-V 2019 Practical Guidance and Hands-On Labs} ,
    publisher = {Apress},
    year = {2019}
}

@book{HVMM,
    author = {Peter De Tender},
    title = {Mastering Hyper-V},
    publisher = {Packt Publishing},
    year = {2015}
}